%! Author = vsharma
%! Date = 25.09.2022


@misc{1,
    author = {Foundry},
    title = {{Cloud computing study 2022}},
    howpublished = "\url{https://foundryco.com/tools-for-marketers/research-cloud-computing/}",
    year = {2022},
    note = "[Online; accessed 10-May-2022]"
}

